<record xmlns="http://www.loc.gov/MARC21/slim">
  <leader>01783nam a2200397 a 4500</leader>
  <controlfield tag="001">3236780</controlfield>
  <controlfield tag="007">he amb018bbcp</controlfield>
  <controlfield tag="007">he bmb018baap</controlfield>
  <controlfield tag="008">970506s1906    oncc   |b|||| 000 0 eng d</controlfield>
  <datafield tag="020" ind1=" " ind2=" ">
    <subfield code="a">066586700X</subfield>
  </datafield>
  <datafield tag="035" ind1=" " ind2=" ">
    <subfield code="a">ocm53693727</subfield>
  </datafield>
  <datafield tag="040" ind1=" " ind2=" ">
    <subfield code="a">CaOOCIHM</subfield>
    <subfield code="b">eng</subfield>
    <subfield code="c">CaOOCIHM</subfield>
    <subfield code="d">AEU</subfield>
  </datafield>
  <datafield tag="043" ind1=" " ind2=" ">
    <subfield code="a">n-cn-on</subfield>
  </datafield>
  <datafield tag="082" ind1="0" ind2=" ">
    <subfield code="a">287.1713</subfield>
    <subfield code="2">20</subfield>
  </datafield>
  <datafield tag="090" ind1=" " ind2=" ">
    <subfield code="a">FC 02 0203 no. 86700</subfield>
    <subfield code="b">AEU</subfield>
  </datafield>
  <datafield tag="110" ind1="1" ind2=" ">
    <subfield code="a">Epworth League.</subfield>
    <subfield code="b">Bay of Quinte Conference.</subfield>
    <subfield code="b">Biennial Convention</subfield>
    <subfield code="n">(7th :</subfield>
    <subfield code="d">1906 :</subfield>
    <subfield code="c">Bowmanville, Ont.)</subfield>
  </datafield>
  <datafield tag="245" ind1="1" ind2="4">
    <subfield code="a">The Bay of Quinte Conference, Seventh Biennial Epworth League COnvention, Bowmanville, January 23rd, 24th, 25th, 1906</subfield>
    <subfield code="h">[microform].</subfield>
  </datafield>
  <datafield tag="260" ind1=" " ind2=" ">
    <subfield code="a">[Ontario? :</subfield>
    <subfield code="b">s.n.,</subfield>
    <subfield code="c">1906?]</subfield>
  </datafield>
  <datafield tag="300" ind1=" " ind2=" ">
    <subfield code="a">1 microfiche (25 fr.) :</subfield>
    <subfield code="b">port.</subfield>
  </datafield>
  <datafield tag="490" ind1="1" ind2=" ">
    <subfield code="a">CIHM/ICMH Microfiche series = CIHM/ICMH collection de microfiches ;</subfield>
    <subfield code="v">no. 86700</subfield>
  </datafield>
  <datafield tag="500" ind1=" " ind2=" ">
    <subfield code="a">Cover title.</subfield>
  </datafield>
  <datafield tag="500" ind1=" " ind2=" ">
    <subfield code="a">Programme.</subfield>
  </datafield>
  <datafield tag="500" ind1=" " ind2=" ">
    <subfield code="a">&quot;A Revival in every League and the league in every Revival.&quot;</subfield>
  </datafield>
  <datafield tag="500" ind1=" " ind2=" ">
    <subfield code="a">Includes advertising matter.</subfield>
  </datafield>
  <datafield tag="504" ind1=" " ind2=" ">
    <subfield code="a">Includes bibliographical references.</subfield>
  </datafield>
  <datafield tag="533" ind1=" " ind2=" ">
    <subfield code="a">Filmed from a copy of the original publication held by the Archives of Ontario, Library, Toronto.</subfield>
    <subfield code="b">Ottawa :</subfield>
    <subfield code="c">Canadian Institute for Historical Microreproductions,</subfield>
    <subfield code="d">1996.</subfield>
  </datafield>
  <datafield tag="534" ind1=" " ind2=" ">
    <subfield code="e">[16] p. : port. ; 19 cm.</subfield>
  </datafield>
  <datafield tag="596" ind1=" " ind2=" ">
    <subfield code="a">43</subfield>
  </datafield>
  <datafield tag="610" ind1="2" ind2="6">
    <subfield code="a">Epworth League.</subfield>
    <subfield code="b">Bay of Quinte Conference.</subfield>
    <subfield code="b">Biennial Convention</subfield>
    <subfield code="n">(7e :</subfield>
    <subfield code="d">1906 : </subfield>
    <subfield code="c">Bowmanville, Ont.)</subfield>
  </datafield>
  <datafield tag="610" ind1="2" ind2="6">
    <subfield code="a">Église méthodiste</subfield>
    <subfield code="z">Ontario.</subfield>
  </datafield>
  <datafield tag="610" ind1="2" ind2="0">
    <subfield code="a">Epworth League.</subfield>
    <subfield code="b">Bay of Quinte Conference.</subfield>
    <subfield code="b">Biennial Convention</subfield>
    <subfield code="n">(7th :</subfield>
    <subfield code="d">1906 : </subfield>
    <subfield code="c">Bowmanville, Ont.)</subfield>
  </datafield>
  <datafield tag="610" ind1="2" ind2="0">
    <subfield code="a">Methodist Church</subfield>
    <subfield code="z">Ontario.</subfield>
  </datafield>
  <datafield tag="830" ind1=" " ind2="0">
    <subfield code="a">CIHM/ICMH microfiche series ;</subfield>
    <subfield code="v">no. 86700</subfield>
  </datafield>
  <datafield tag="949" ind1=" " ind2=" ">
    <subfield code="h">UAHS-MF</subfield>
    <subfield code="z">CIHMMPOST</subfield>
  </datafield>
  <datafield tag="016" ind1=" " ind2=" ">
    <subfield code="a"> 976020394</subfield>
  </datafield>
  <datafield tag="926" ind1=" " ind2=" ">
    <subfield code="a">UAHSS</subfield>
    <subfield code="b">MICROFICHE</subfield>
    <subfield code="c">FC 02 0203 no. 86700</subfield>
    <subfield code="d">MICROFORM</subfield>
    <subfield code="f">1</subfield>
  </datafield>
</record>
